@incollection{james2023linear,
  title={Linear regression},
  author={James, Gareth and Witten, Daniela and Hastie, Trevor and Tibshirani, Robert and Taylor, Jonathan},
  booktitle={An introduction to statistical learning: With applications in python},
  pages={69--134},
  year={2023},
  publisher={Springer}
}
@book{montgomery2012introduction,
  title={Introduction to Linear Regression Analysis},
  author={Montgomery, Douglas C. and Peck, Elizabeth A. and Vining, G. Geoffrey},
  year={2012},
  publisher={Wiley},
  edition={5th}
}

@book{hastie2009elements,
  title={The Elements of Statistical Learning: Data Mining, Inference, and Prediction},
  author={Hastie, Trevor and Tibshirani, Robert and Friedman, Jerome},
  year={2009},
  publisher={Springer},
  edition={2nd}
}

@book{james2013introduction,
  title={An Introduction to Statistical Learning: with Applications in R},
  author={James, Gareth and Witten, Daniela and Hastie, Trevor and Tibshirani, Robert},
  year={2013},
  publisher={Springer},
  series={Springer Texts in Statistics}
}